@Book{xie2015,
  title = {Dynamic Documents with {R} and knitr},
  author = {Yihui Xie},
  publisher = {Chapman and Hall/CRC},
  address = {Boca Raton, Florida},
  year = {2015},
  edition = {2nd},
  note = {ISBN 978-1498716963},
  url = {http://yihui.org/knitr/},
}

@manual{Leckie2013,
  title = {Multiple Membership Multilevel Models - Concepts.},
  organization = {LEMMA VLE Module 13, p. 1-57},
  author = {George Leckie},
  year = {2013}
}

@manual{Stata2013,
  title = {Cross-classified Multilevel Models - Stata Practical.},
  organization = {LEMMA VLE Module 12},
  author = {George Leckie},
  year = {2013}
}

@article{Chung2012,
  title = {The impact of ignoring multiple membership data structures in multilevel models},
  author = {Hyewon Chung and S. Natasha Beretvas},
  year = {2012},
  journal = {British Journal of Mathematical and Statistical Psychology},
  volume = {65},
  pages = {185-200}
}